<record><leader>00000cas a2200000 a 4500</leader><controlfield tag="001">9613853</controlfield><controlfield tag="008">830616d18111811nyuwr ne      0   a0eng c</controlfield><datafield ind1=" " ind2=" " tag="010"><subfield code="a">sn 83025567 </subfield></datafield><datafield ind1=" " ind2=" " tag="040"><subfield code="a">NPV</subfield><subfield code="b">eng</subfield><subfield code="c">NPV</subfield><subfield code="d">NPU</subfield><subfield code="d">NPA</subfield><subfield code="d">DLC</subfield><subfield code="d">NPX</subfield><subfield code="d">OCL</subfield><subfield code="d">NJW</subfield><subfield code="d">KNP</subfield><subfield code="d">NST</subfield><subfield code="d">YOX</subfield><subfield code="d">KNP</subfield><subfield code="d">MGN</subfield><subfield code="d">NVK</subfield><subfield code="d">NYS</subfield><subfield code="d">NVK</subfield><subfield code="d">OCL</subfield><subfield code="d">CVF</subfield><subfield code="d">DLC</subfield><subfield code="d">NYS</subfield><subfield code="d">GUA</subfield><subfield code="d">BUF</subfield><subfield code="d">KRTAS</subfield><subfield code="d">DLC</subfield><subfield code="d">OCLCQ</subfield><subfield code="d">OCLCF</subfield><subfield code="d">OCLCO</subfield><subfield code="d">DLC</subfield></datafield><datafield ind1=" " ind2=" " tag="012"><subfield code="b">3</subfield><subfield code="i">9001</subfield><subfield code="l">1</subfield></datafield><datafield ind1=" " ind2=" " tag="019"><subfield code="a">2258057</subfield></datafield><datafield ind1="0" ind2=" " tag="022"><subfield code="a">2156-4752</subfield><subfield code="2">1</subfield></datafield><datafield ind1=" " ind2=" " tag="042"><subfield code="a">pcc</subfield><subfield code="a">nsdp</subfield></datafield><datafield ind1=" " ind2=" " tag="043"><subfield code="a">n-us-ny</subfield></datafield><datafield ind1=" " ind2=" " tag="045"><subfield code="a">w1w1</subfield></datafield><datafield ind1="0" ind2="0" tag="050"><subfield code="a">Newspaper</subfield></datafield><datafield ind1="1" ind2="4" tag="050"><subfield code="a">AP2.A2</subfield><subfield code="b">A63 Box 34</subfield></datafield><datafield ind1=" " ind2=" " tag="052"><subfield code="a">3803</subfield><subfield code="b">A4</subfield></datafield><datafield ind1="1" ind2="0" tag="082"><subfield code="a">051</subfield><subfield code="2">14</subfield></datafield><datafield ind1=" " ind2="4" tag="222"><subfield code="a">The Balance, &amp; state journal</subfield></datafield><datafield ind1="0" ind2="4" tag="245"><subfield code="a">The Balance, &amp; state journal.</subfield></datafield><datafield ind1="3" ind2="0" tag="246"><subfield code="a">Balance, and state journal</subfield></datafield><datafield ind1="1" ind2="7" tag="246"><subfield code="a">Balance</subfield></datafield><datafield ind1=" " ind2=" " tag="260"><subfield code="a">Albany [N.Y.] :</subfield><subfield code="b">Harry Croswell,</subfield><subfield code="c">1811.</subfield></datafield><datafield ind1=" " ind2=" " tag="300"><subfield code="a">1 v. ;</subfield><subfield code="c">31 cm.</subfield></datafield><datafield ind1=" " ind2=" " tag="310"><subfield code="a">Weekly</subfield></datafield><datafield ind1="0" ind2=" " tag="362"><subfield code="a">New ser., v. 1, no. 1 (Jan. 1, 1811)-n.s., v. 1, no. 52 (Dec. 24, 1811).</subfield></datafield><datafield ind1=" " ind2=" " tag="530"><subfield code="a">Also issued in microform from the Readex Microprint Corp.; also available online.</subfield></datafield><datafield ind1=" " ind2="0" tag="651"><subfield code="a">Albany (N.Y.)</subfield><subfield code="v">Newspapers.</subfield></datafield><datafield ind1=" " ind2="0" tag="651"><subfield code="a">Albany County (N.Y.)</subfield><subfield code="v">Newspapers.</subfield></datafield><datafield ind1=" " ind2="7" tag="651"><subfield code="a">New York (State)</subfield><subfield code="z">Albany.</subfield><subfield code="2">fast</subfield><subfield code="0">(OCoLC)fst01225716</subfield></datafield><datafield ind1=" " ind2="7" tag="651"><subfield code="a">New York (State)</subfield><subfield code="z">Albany County.</subfield><subfield code="2">fast</subfield><subfield code="0">(OCoLC)fst01210357</subfield></datafield><datafield ind1=" " ind2="7" tag="655"><subfield code="a">Newspapers.</subfield><subfield code="2">fast</subfield><subfield code="0">(OCoLC)fst01423814</subfield></datafield><datafield ind1=" " ind2=" " tag="752"><subfield code="a">United States</subfield><subfield code="b">New York</subfield><subfield code="c">Albany</subfield><subfield code="d">Albany.</subfield></datafield><datafield ind1="1" ind2=" " tag="776"><subfield code="t">Balance, &amp; State journal (Online)</subfield><subfield code="w">(DLC)  2007233558</subfield><subfield code="w">(OCoLC)49263138</subfield></datafield><datafield ind1="0" ind2="0" tag="780"><subfield code="t">Balance, and New-York State journal</subfield><subfield code="x">2574-9854</subfield><subfield code="w">(DLC)sn 83025566</subfield><subfield code="w">(OCoLC)9613749</subfield></datafield><datafield ind1=" " ind2=" " tag="850"><subfield code="a">NNC</subfield></datafield><datafield ind1="4" ind2="1" tag="856"><subfield code="u">http://gateway.proquest.com/openurl?url_ver=Z39.88-2004&amp;res_dat=xri:pqd::hnp&amp;rft_val_fmt=info:ofi/fmt:kev:mtx:journal&amp;rft_dat=xri:pqd:PMID=40864</subfield></datafield><datafield ind1=" " ind2=" " tag="938"><subfield code="a">Kirtas Technologies, Inc.</subfield><subfield code="b">KRTS</subfield><subfield code="n">736905</subfield></datafield><datafield ind1="1" ind2=" " tag="029"><subfield code="a">AU@</subfield><subfield code="b">000002887100</subfield></datafield></record>